@article{parrot-DEDS-22,
  author = {R\'emi Parrot and Mika\"el Briday and  Olivier H. Roux},
  journal = {Discrete Event Dynamic Systems - Theory and Applications (DEDS)},
  title = {{Design and verification of pipelined circuits with Timed Petri Net}},
  publisher = {Springer},
  year = 2022,
  category = {intJournal},
  note = {Subject to minor revisions},
}
