
@inproceedings{parrot-FORMATS-20,
	Address = {Vienna, Austria},
    Booktitle = {18th International Conference on Formal Modeling and Analysis of Timed Systems (FORMATS 2020)},
	Author = {R\'emi Parrot and Didier Lime},
    Editor = {Nathalie Bertrand and Nils Jansen},
    Month = SEP,
    Publisher = {Springer},
    Series = {Lecture Notes in Computer Science},
    Title = {Backward Symbolic Optimal Reachability in Weighted Timed Automata},
    pages     = {41-57},
    doi = {10.1007/978-3-030-57628-8\_3},
    Year = 2020,
	PDF = {https://hal.archives-ouvertes.fr/hal-02939596/file/parrot-FORMATS-20.pdf},
}

@inproceedings{parrot-ARITH-21,
	author = {R\'emi Parrot and  Mika\"el Briday and  Olivier H. Roux},
	booktitle = {The 28th IEEE International Symposium on Computer Arithmetic (ARITH 2021)},
	month = jun,
	publisher = {IEEE},
	title = {{Pipeline Optimization using a Cost Extension of Timed Petri Nets}},
	year = 2021,
	PDF = {https://hal.archives-ouvertes.fr/hal-03464317/file/Arith2021.pdf},
}

@inproceedings{parrot-ICATPN-21,
	author = {R\'emi Parrot and  Mika\"el Briday and  Olivier H. Roux},
	booktitle = {The 42th International Conference on Application and Theory of Petri Nets and Concurrency (Petri Nets 2021)},
	month = jun,
	volume = {12734},
	publisher = {Springer},
	series = {Lecture Notes in Computer Science},
	title = {{Timed Petri Nets with Reset for Pipelined Synchronous Circuit Design}},
	year = 2021,
	category = {intc},
	PDF = {https://hal.archives-ouvertes.fr/hal-03266806/file/PetriNets2021.pdf},
}
