@inproceedings{parrot-MSR-21,
  TITLE = {{R{\'e}seaux de Petri temporis{\'e}s pour la conception et v{\'e}rification de circuits pipelin{\'e}s}},
  AUTHOR = {Parrot, R{\'e}mi and Briday, Mika{\"e}l and Roux, Olivier H},
  URL = {https://hal.archives-ouvertes.fr/hal-03587736},
  BOOKTITLE = {{Mod{\'e}lisation des Syst{\`e}mes R{\'e}actifs (MSR'21)}},
  ADDRESS = {Paris, France},
  YEAR = {2021},
  MONTH = Nov,
  PDF = {https://hal.archives-ouvertes.fr/hal-03587736/file/MSR2021.pdf},
  HAL_ID = {hal-03587736},
  HAL_VERSION = {v1},
}
