@article{parrot-DEDS-22,
	year = 2022,
	month = {dec},
	publisher = {Springer Science and Business Media {LLC}},
	volume = {33},
	number = {1},
	pages = {1--24},
	author = {R{\'{e}}mi Parrot and MikaÃ«l Briday and Olivier H. Roux},
	title = {Design and verification of pipelined circuits with Timed Petri Nets},
	journal = {Discrete Event Dynamic Systems},
	doi = {10.1007/s10626-022-00371-7},
	pdf = {https://hal.science/hal-03952519/document}
}

@inproceedings{parrot-FORMATS-20,
	Address = {Vienna, Austria},
	Booktitle = {18th International Conference on Formal Modeling and Analysis of Timed Systems (FORMATS 2020)},
	Author = {R\'emi Parrot and Didier Lime},
	Editor = {Nathalie Bertrand and Nils Jansen},
	Month = SEP,
	Publisher = {Springer},
	Series = {Lecture Notes in Computer Science},
	Title = {Backward Symbolic Optimal Reachability in Weighted Timed Automata},
	pages     = {41-57},
	Year = 2020,
	doi = {10.1007/978-3-030-57628-8\_3},
	PDF = {https://hal.archives-ouvertes.fr/hal-02939596/file/parrot-FORMATS-20.pdf},
}

@inproceedings{parrot-ARITH-21,
	author = {R\'emi Parrot and  Mika\"el Briday and  Olivier H. Roux},
	booktitle = {The 28th IEEE International Symposium on Computer Arithmetic (ARITH 2021)},
	month = jun,
	publisher = {IEEE},
	title = {{Pipeline Optimization using a Cost Extension of Timed Petri Nets}},
	year = 2021,
	doi = {10.1109/arith51176.2021.00018},
	PDF = {https://hal.archives-ouvertes.fr/hal-03464317/file/Arith2021.pdf},
}

@inproceedings{parrot-ICATPN-21,
	author = {R\'emi Parrot and  Mika\"el Briday and  Olivier H. Roux},
	booktitle = {The 42th International Conference on Application and Theory of Petri Nets and Concurrency (Petri Nets 2021)},
	month = jun,
	volume = {12734},
	publisher = {Springer},
	series = {Lecture Notes in Computer Science},
	title = {{Timed Petri Nets with Reset for Pipelined Synchronous Circuit Design}},
	year = 2021,
	category = {intc},
	doi = {10.1007/978-3-030-76983-3_4},
	PDF = {https://hal.archives-ouvertes.fr/hal-03266806/file/PetriNets2021.pdf},
}

@inproceedings{parrot-WODES-22,
  address = {Prague, Czechia},
  author = {R\'emi Parrot and Hanifa Boucheneb and  Mika\"el Briday and  Olivier H. Roux},
  title = {{Expressiveness and analysis of Delayable Timed Petri Net}},
  booktitle = {16th International Workshop on Discrete Event Systems (WODES'22)},
  publisher = {IFAC},
  month = sep,
  year = 2022,
	doi = {10.1016/j.ifacol.2022.10.355},
	PDF = {https://hal.science/hal-03952599/document},
}

@inproceedings{parrot-MSR-21,
  TITLE = {{R{\'e}seaux de Petri temporis{\'e}s pour la conception et v{\'e}rification de circuits pipelin{\'e}s}},
  AUTHOR = {Parrot, R{\'e}mi and Briday, Mika{\"e}l and Roux, Olivier H},
  BOOKTITLE = {{Mod{\'e}lisation des Syst{\`e}mes R{\'e}actifs (MSR'21)}},
  ADDRESS = {Paris, France},
  YEAR = {2021},
  MONTH = Nov,
  HAL_ID = {hal-03587736},
  HAL_VERSION = {v1},
  URL = {https://hal.archives-ouvertes.fr/hal-03587736},
  PDF = {https://hal.archives-ouvertes.fr/hal-03587736/file/MSR2021.pdf},
}

@inproceedings{komenda-WODES-24,
  address = {Rio de Janeiro, Brazil},
  author = {Jan Komenda and S\'ebastien Lahaye and R\'emi Parrot and Olivier H. Roux},
  title = {{Weakly strong semantics of Time Petri Nets for performance evaluations}},
  booktitle = {17th International Workshop on Discrete Event Systems (WODES'24)},
  publisher = {IFAC},
  month = apr,
  year = 2024,
}
