@inproceedings{parrot-FORMATS-20,
	Address = {Vienna, Austria},
    Booktitle = {18th International Conference on Formal Modeling and Analysis of Timed Systems (FORMATS 2020)},
	Author = {R\'emi Parrot and Didier Lime},
    Editor = {Nathalie Bertrand and Nils Jansen},
    Month = SEP,
    Publisher = {Springer},
    Series = {Lecture Notes in Computer Science},
    Title = {Backward Symbolic Optimal Reachability in Weighted Timed Automata},
    pages     = {41-57},
    doi = {10.1007/978-3-030-57628-8\_3},
    Year = 2020
}

@inproceedings{parrot-ARITH-21,
  author = {R\'emi Parrot and  Mika\"el Briday and  Olivier H. Roux},
  booktitle = {The 28th IEEE International Symposium on Computer Arithmetic (ARITH 2021)},
  month = jun,
  publisher = {IEEE},
  title = {{Pipeline Optimization using a Cost Extension of Timed Petri Nets}},
  year = 2021
}

@inproceedings{parrot-ICATPN-21,
  author = {R\'emi Parrot and  Mika\"el Briday and  Olivier H. Roux},
  booktitle = {The 42th International Conference on Application and Theory of Petri Nets and Concurrency (Petri Nets 2021)},
  month = jun,
  volume = {12734},
  publisher = {Springer},
  series = {Lecture Notes in Computer Science},
  title = {{Timed Petri Nets with Reset for Pipelined Synchronous Circuit Design}},
  year = 2021,
  category = {intc}
}

@inproceedings{parrot-MSR-21,
  TITLE = {{R{\'e}seaux de Petri temporis{\'e}s pour la conception et v{\'e}rification de circuits pipelin{\'e}s}},
  AUTHOR = {Parrot, R{\'e}mi and Briday, Mika{\"e}l and Roux, Olivier H},
  URL = {https://hal.archives-ouvertes.fr/hal-03587736},
  BOOKTITLE = {{Mod{\'e}lisation des Syst{\`e}mes R{\'e}actifs (MSR'21)}},
  ADDRESS = {Paris, France},
  YEAR = {2021},
  MONTH = Nov,
  PDF = {https://hal.archives-ouvertes.fr/hal-03587736/file/MSR2021.pdf},
  HAL_ID = {hal-03587736},
  HAL_VERSION = {v1},
}
